@online{heroku,
    title = "Heroku",
    url = "https://www.heroku.com/",
    date = {2015-02-26}
}

@online{libgdx,
    title = "libGDX -- Java game framework",
    url = "http://libgdx.badlogicgames.com/",
    date = {2015-02-23}
}



@online{heroku-stillalive,
    title = "Heroku StillAlive Addon",
    url = "https://devcenter.heroku.com/articles/stillalive",
    date = {2015-03-20}
}



@book{progark, 
    title = "Software Architecture in Practice",
    author = "L. Bass, P. Clements, R. Kazman",
    publisher = "Addison Wesley",
    year = "2013"
}