@online{libgdx,
    title = "libGDX -- Java game framework",
    url = "http://libgdx.badlogicgames.com/",
    date = {2015-02-23}
}

@online{heroku,
    title = "Heroku -- Cloud platform as a service (PaaS)",
    url = "http://heroku.com/",
    date = {2015-04-22}
}

@online{postgresql,
    title = "PostgreSQL",
    url = "http://www.postgresql.org",
    date = {2015-04-22}
}

@online{libgdx-wiki,
    title = "libGDX Wiki",
    url = "https://github.com/libgdx/libgdx/wiki",
    date = {2015-03-20}
}

@online{libgdx-wiki-networking,
    title = "libGDX Wiki about Networking",
    url = "https://github.com/libgdx/libgdx/wiki/Networking",
    date = {2015-03-20}
}

@online{libgdx-wiki-json,
    title = "libGDX Wiki about JSON-reading and -writing",
    url = "https://github.com/libgdx/libgdx/wiki/Reading-\%26-writing-JSON",
    date = {2015-03-20}
}

@online{libgdx-wiki-game,
    title = "libGDX Wiki about the Game class",
    url = "https://github.com/libgdx/libgdx/wiki/Extending-the-simple-game",
    date = {2015-03-20}
}

@online{libgdx-wiki-graphics,
    title = "libGDX Wiki about graphics",
    url = "https://github.com/libgdx/libgdx/wiki/Graphics",
    date = {2015-03-20}
}


@online{libgdx-wiki-input,
    title = "libGDX Wiki about Input-handling",
    url = "https://github.com/libgdx/libgdx/wiki/Input-handling",
    date = {2015-03-20}
}

@book{progark, 
    title = "Software Architecture in Practice",
    author = "L. Bass, P. Clements, R. Kazman",
    publisher = "Addison Wesley",
    year = "2013"
}

