@online{github,
    title = "Project source repository (GitHub)",
    url = "https://github.com/andereld/progark",
    date = {2015-04-20}
}

@online{sequelize,
    title = "Sequelize (ORM)",
    url = "http://docs.sequelizejs.com/en/latest/",
    date = {2015-04-22}
}